<?xml version="1.0" encoding="UTF-8"?><collection xmlns="http://www.loc.gov/MARC21/slim"><record><leader>00376nam--2200133-i-4500</leader><controlfield tag="001">000013722</controlfield><controlfield tag="002">20161230</controlfield><controlfield tag="005">20161230201030</controlfield><controlfield tag="008">060222s1000------------r-----000-0-eng-d</controlfield><datafield ind1=" " ind2=" " tag="100"><subfield code="a">Asavinei, Ion</subfield></datafield><datafield ind1=" " ind2=" " tag="245"><subfield code="a">Niculescu, cornelia</subfield></datafield><datafield ind1=" " ind2=" " tag="260"><subfield code="a">Ghid Pentru Utilizarea Termocuplurilor In Masurari Industriale</subfield></datafield><datafield ind1=" " ind2=" " tag="490"><subfield code="a">Colectia Automatica-informatica</subfield></datafield><datafield ind1=" " ind2=" " tag="852"><subfield code="a">621.362:681.536.5</subfield></datafield></record></collection>